% see http://mirror.utexas.edu/ctan/macros/latex/contrib/biblatex/doc/biblatex.pdf
% use extra {} around title to keep capitalization (otherwise, Biblatex tries to be smart)

%%%% FIXME CURTIS: PUT DATES ON THESE; ALL < 21 April %%%%

@misc{howstuffworks,
    url = {http://computer.howstuffworks.com/ip-telephony.htm}
}

@misc{about,
    url = {http://compnetworking.about.com/od/voipvoiceoverip/g/bldef_pstn.htm}
}

@misc{privateline,
    url = {http://www.privateline.com/clayton/voiceoverIP.pdf}
}

@misc{networkworld,
    url = {http://www.networkworld.com/community/node/85258}
}

@misc{ars,
    url = {http://arstechnica.com/tech-policy/2014/01/att-plan-to-shut-off-public-switched-telephone-network-moves-ahead-at-fcc/}
}

@misc{volte_book,
    url = {https://encrypted.google.com/books?hl=en&lr=&id=baCd1wIsyLsC&oi=fnd&pg=PR9&dq=voice+over+lte&ots=lsih5rHRD6&sig=oX0BeocHvucM4A-DwR9BiLc4-Ps#v=onepage&q=voice%20over%20lte&f=false}
}

@misc{3gpp,
    url = {http://www.3gpp.org/news-events/partners-news/1285-Industry-backs-VoLTE-initiative}
}

@misc{theregister,
    url = {http://www.theregister.co.uk/2012/10/02/feature_wtf_is_voice_over_lte_4g/}
}

@article{goode, 
    author={Goode, B.}, 
    journal={Proceedings of the IEEE}, 
    title={{Voice over Internet protocol (VoIP)}},
    year={2002}, 
    month={Sep}, 
    volume={90}, 
    number={9}, 
    pages={1495-1517}, 
    doi={10.1109/JPROC.2002.802005}, 
    ISSN={0018-9219}
}

@misc{trip,
    url = {http://www.voip-info.org/wiki/view/TRIP}
}

@misc{vonage,
    url = {http://www2.vonage.com/m_1/how_vonage_works.php}
}

@misc{sip,
    url = {http://datatracker.ietf.org/wg/sip/charter/}
}

@misc{dslreports,
    url = {http://www.dslreports.com/forum/r15640601-Is-Vonage-VoIP-service-based-on-SIP-protocol-}
}

@misc{skype_vs_vonage,
    url = {http://www.voip-info.org/wiki/view/Skype+vs+Vonage}
}

@misc{ipwatchdog,
    url = {http://www.ipwatchdog.com/2014/04/24/vonage-offers-international-calls-free-of-roaming-charges/id=49243/}
}

@misc{voipinfo_enum,
    url = {http://www.voip-info.org/wiki/view/ENUM}
}

@misc{linfo,
    url = {http://www.linfo.org/pstn.html}
}

@misc{packets,
    url = {http://www.webopedia.com/TERM/P/packet_switching.html}
}

@misc{voipinfo_rtp,
    url = {http://www.voip-info.org/wiki/view/RTP}
}

@misc{rtp_voip,
    url = {http://inst.eecs.berkeley.edu/~ee122/sp07/rtp_voip.pdf}
}

@misc{hsdpa,
    url = {https://encrypted.google.com/books?hl=en&lr=&id=3kgImjyLBbIC&oi=fnd&pg=PA217&dq=voice+over+ip&ots=QVpnx3bhLZ&sig=PZFUHwSaviPH9vYK_Z2KRpZ3qf4#v=onepage&q=voice%20over%20ip&f=false}
}

@misc{us_cert,
    url = {https://www.us-cert.gov/sites/default/files/publications/understanding_voip.pdf}
}

@inproceedings{skype,
    author = {Salman A. Baset and Henning Schulzrinne},
    title = {An Analysis of the Skype Peer-to-Peer Internet Telephony Protocol},
    booktitle = {},
    year = {2004}
}

@misc{skype_pstn,
    url = {https://support.skype.com/en/faq/FA34/can-i-have-more-than-one-pstn-mobile-or-landline-phone-number-user-in-a-group-call}
}

@misc{skype_gateways,
    url = {http://www.voip-info.org/wiki/view/Skype+Gateways}
}

@misc{skype_encryption,
    url = {https://support.skype.com/en/faq/FA31/does-skype-use-encryption}
}

@misc{vonage_routing,
    url = {http://www.powerpbx.org/content/how-vonage-works-based-ip-packet-analysis}
}

@misc{f5,
    url = {https://www.f5.com/pdf/white-papers/ims-introduction-wp.pdf}
}

@misc{cisco_design,
    url = {http://www.net130.com/tutorial/cisco-pdf/Cisco_%20IP%20Telephony%20Network%20Design_Guide.pdf}
}

@misc{coding,
    url = {http://moment.cs.ucsb.edu/multimedia/multi/Grptalk12105.pdf}
}

@misc{vostron,
    url = {http://www.vostron.com/g.711-codec.html}
}

@misc{pstn_ppt,
    url = {http://iws.collin.edu/pbrierley/P-Convergence/PowerPoints/How%20things%20work-/PSTN.pdf}
}

@misc{dlvoltestudy,
    url = {http://www.droid-life.com/2012/11/29/volte-could-slash-smartphone-battery-life-by-50/}
}

@misc{vzwvolte,
    url = {http://www.rcrwireless.com/article/20140306/carriers/carrier-wrap-verizon-wireless-further-delays-volte-aces-j-d-power-network-survey/}
}

@misc{dzvzwvolte,
    url = {http://www.droid-life.com/2013/08/13/verizon-cfo-lays-out-verizons-volte-roadmap/}
}

@misc{fccstudy,
    url = {http://www.networkworld.com/newsletters/converg/2013/012813convergence2.html?source=nww_rss}
}

@misc{tmcnet,
    url = {http://www.tmcnet.com/channels/ip-phones/articles/343628-pros-cons-switching-voip-phone-services.htm}
}

